@inproceedings{ref:icmp,
author = {Islam, Md Nazmul and Patil, Vinay and Kundu, Sandip},
year = {2017},
month = {03},
pages = {196-202},
title = {Determining proximal geolocation of IoT edge devices via covert channel},
doi = {10.1109/ISQED.2017.7918316}
}
